@misc{ wiki:softmax,
 author = "{Wikipedia contributors}",
 title = "Softmax function --- {W}ikipedia{,} The Free Encyclopedia",
 year = "2019",
 url = "https://en.wikipedia.org/wiki/Softmax_function#Neural_networks",
 note = "[Online; accessed 29-May-2019]"
}

@misc{ wiki:totalderiv,
 author = "{Wikipedia contributors}",
 title = "Total derivative --- {W}ikipedia{,} The Free Encyclopedia",
 year = "2019",
 url = "https://en.wikipedia.org/wiki/Total_derivative#The_chain_rule_for_total_derivatives",
 note = "[Online; accessed 29-May-2019]"
}

@misc{ wiki:kronecker,
 author = "{Wikipedia contributors}",
 title = "Kronecker delta --- {W}ikipedia{,} The Free Encyclopedia",
 year = "2019",
 url = "https://en.wikipedia.org/wiki/Kronecker_delta",
 note = "[Online; accessed 7-July-2019]"
}

@misc{ weinersmith:education,
 author = "{Zach Weinersmith}",
 title = "{Saturday Morning Breakfast Cereal}",
 year = "2010",
 url = "http://www.smbc-comics.com/index.php?db=comics&id=1763",
 note = "[Online; accessed 15-June-2019]"
}

@misc{ wiki:einstein,
 author = "{Wikipedia contributors}",
 title = "Einstein notation --- {W}ikipedia{,} The Free Encyclopedia",
 year = "2019",
 url = "https://en.wikipedia.org/wiki/Einstein_notation",
 note = "[Online; accessed 15-June-2019]"
}

@misc{ wiki:permutation,
 author = "{Wikipedia contributors}",
 title = "Permutation --- {W}ikipedia{,} The Free Encyclopedia",
 year = "2019",
 url = "https://en.wikipedia.org/wiki/Permutation#One-line_notation",
 note = "[Online; accessed 28-June-2019]"
}

@book{ book:abstract,
 author = "{Thomas W. Judson}", 
 title = "{Abstract Algebra, Theory and Applications}",
 year = "2018",
 url = "http://abstract.ups.edu/aata/index.html",
 note = "[Online; accessed 8-July-2019]"
}

@misc { youtube:tony,
 author = "Tony",
 title = "{Making Springs At Home}",
 year = "2016",
 url = "https://youtu.be/jAawhg6JtyY?t=351",
 note = "[Online; accessed 13-July-2019]"
}

@misc { bojack,
  author = "{Raphael Bob-Waksberg}",
  title = "{BoJack Horseman}",
  year = "2014"
}

