@misc{ wiki:softmax,
 author = "{Wikipedia contributors}",
 title = "Softmax function --- {W}ikipedia{,} The Free Encyclopedia",
 year = "2019",
 url = "https://en.wikipedia.org/wiki/Softmax_function#Neural_networks",
 note = "[Online; accessed 29-May-2019]"
}

@misc{ wiki:totalderiv,
 author = "{Wikipedia contributors}",
 title = "Total derivative --- {W}ikipedia{,} The Free Encyclopedia",
 year = "2019",
 url = "https://en.wikipedia.org/wiki/Total_derivative#The_chain_rule_for_total_derivatives",
 note = "[Online; accessed 29-May-2019]"
}
